@String{icassp = {Proc. of IEEE ICASSP}}
@String{eurospeech = {Proc. of Eurospeech}}
@String{interspeech = {Proc. of Interspeech}}
@String{icphs = {Proc. of ICPhS}}
@String{icslp = {Proc. of ICSLP}}
@String{jasa = {JASA}}
@String{nolisp = {Proc. of NOLISP}}
@String{icchp = {Proc. of ICCHP}}
@String{avsp = {Proc. of AVSP}}
@String{fonetik = {Proc. of Fonetik}}
@String{web-sls = {WEB-SLS}}
@String{epirob = {Proc. of EPIROB}}
@String{instil = {Proc. of InSTIL}}
@String{icra = {Proc. of IEEE ICRA}}
@String{iros = {Proc. of IEEE/RSJ IROS}}
@String{isadept = {Proc. of IS ADEPT}}
@String{bica = {Proc. of BICA}}
@String{sltc = {Proc. of SLTC}}
@String{eca = {Proc. of ECA}}
@String{lrec = {Proc. of LREC}}
@String{asru = {Proc. of IEEE ASRU}}
@String{lncs = {LNCS}}
@String{IEEE_J_ASLP = "{IEEE} Trans. on Audio, Speech, and Lang. Proc."}
@String{IEEE_J_SMCB = "{IEEE} Trans. on Syst., Man and Cybern.: Cybern."}
