@InProceedings{gs:Salvi2005a,
  author = 	 {Giampiero Salvi},
  title = 	 {Ecological Language Acquisition via Incremental Model-Based Clustering},
  OPTcrossref =  {},
  OPTkey = 	 {},
  booktitle =    eurospeech,
  pages = 	 {1181--1184},
  year = 	 {2005},
  OPTeditor = 	 {},
  OPTvolume = 	 {},
  OPTnumber = 	 {},
  OPTseries = 	 {},
  address = 	 {Lisbon, Portugal},
  OPTmonth = 	 {},
  OPTorganization = {},
  OPTpublisher = {},
  OPTnote = 	 {},
  OPTannote = 	 {},
  keywords =     {mille, mine},
  bibliometric = {10},
  google-scholar-id = {13256466754559030551}

}

@InProceedings{gs:AnanthAndSalvi2011,
  author = 	 {Gopal Ananthakrishnan and Giampiero Salvi},
  title = 	 {Using Imitation to learn Infant-Adult Acoustic Mappings},
  OPTcrossref =  {},
  OPTkey = 	 {},
  booktitle =    interspeech,
  OPTpages = 	 {},
  year = 	 {2011},
  OPTeditor = 	 {},
  OPTvolume = 	 {},
  OPTnumber = 	 {},
  OPTseries = 	 {},
  address = 	 {Firenze, Italy},
  OPTmonth = 	 {},
  OPTorganization = {},
  OPTpublisher = {},
  OPTnote = 	 {},
  bibliometric = {6},
  OPTannote = 	 {}
}

@InProceedings{gs:VanhainenAndSalvi2012Interspeech,
  author = 	 {Niklas Vanhainen and Giampiero Salvi},
  title = 	 {Word Discovery with Beta Process Factor Analysis},
  OPTcrossref =  {},
  OPTkey = 	 {},
  booktitle =    interspeech,
  OPTpages = 	 {},
  year = 	 {2012},
  OPTeditor = 	 {},
  OPTvolume = 	 {},
  OPTnumber = 	 {},
  OPTseries = 	 {},
  address = 	 {Portland, OR, USA},
  month = 	 sep,
  OPTorganization = {},
  OPTpublisher = {},
  OPTnote = 	 {},
  bibliometric = {5},
  OPTannote = 	 {}
}

@InProceedings{gs:VanhainenAndSalvi2014ICASSP,
  author = 	 {Niklas Vanhainen and Giampiero Salvi},
  title = 	 {Pattern Discovery in Continuous Speech Using Block Diagonal Infinite HMM},
  OPTcrossref =  {},
  OPTkey = 	 {},
  booktitle = icassp,
  OPTpages = 	 {},
  year = 	 {2014},
  OPTeditor = 	 {},
  OPTvolume = 	 {},
  OPTnumber = 	 {},
  OPTseries = 	 {},
  OPTaddress = 	 {},
  OPTmonth = 	 {},
  OPTorganization = {},
  OPTpublisher = {},
  OPTnote = 	 {},
  OPTkeywords = {},
  bibliometric = {1},
  OPTannote = 	 {}
}

